<record><leader>00000cas a2200000 a 4500</leader><controlfield tag="001">8791614</controlfield><controlfield tag="008">820921d18551858cauwr ne      0    0eng  </controlfield><datafield ind1=" " ind2=" " tag="010"><subfield code="a">sn 82014554 </subfield></datafield><datafield ind1=" " ind2=" " tag="040"><subfield code="a">DLC</subfield><subfield code="b">eng</subfield><subfield code="c">DLC</subfield><subfield code="d">NPU</subfield><subfield code="d">DLC</subfield><subfield code="d">OCL</subfield><subfield code="d">DLC</subfield><subfield code="d">CNK</subfield><subfield code="d">OCL</subfield><subfield code="d">CNK</subfield><subfield code="d">OCLCO</subfield><subfield code="d">OCLCQ</subfield><subfield code="d">OCLCF</subfield></datafield><datafield ind1=" " ind2=" " tag="019"><subfield code="a">11492642</subfield></datafield><datafield ind1="1" ind2=" " tag="029"><subfield code="a">AU@</subfield><subfield code="b">000020225068</subfield></datafield><datafield ind1=" " ind2=" " tag="042"><subfield code="a">pcc</subfield></datafield><datafield ind1=" " ind2=" " tag="043"><subfield code="a">n-us-ca</subfield></datafield><datafield ind1="0" ind2="0" tag="050"><subfield code="a">Newspaper 7114-X</subfield></datafield><datafield ind1="0" ind2="0" tag="245"><subfield code="a">Columbia gazette and the southern mines advertiser.</subfield></datafield><datafield ind1="1" ind2=" " tag="246"><subfield code="i">Published as:</subfield><subfield code="a">Columbia gazette</subfield><subfield code="f">&lt;May 27-July 15, 1858&gt;</subfield></datafield><datafield ind1="1" ind2="7" tag="246"><subfield code="a">Semi-weekly Columbia gazette and southern mines advertiser</subfield></datafield><datafield ind1=" " ind2=" " tag="260"><subfield code="a">Columbia, Tuolumne County, Calif. :</subfield><subfield code="b">Duchow, Stelle &amp; Co.</subfield></datafield><datafield ind1=" " ind2=" " tag="300"><subfield code="a">v. :</subfield><subfield code="b">ill. ;</subfield><subfield code="c">61-69 cm.</subfield></datafield><datafield ind1=" " ind2=" " tag="310"><subfield code="a">Weekly,</subfield><subfield code="b">&lt;Aug. 23, 1856-July 15, 1858&gt;</subfield></datafield><datafield ind1=" " ind2=" " tag="321"><subfield code="a">Semiweekly,</subfield><subfield code="b">Nov. 10, 1855-&lt;May 10, 1856&gt;</subfield></datafield><datafield ind1="0" ind2=" " tag="362"><subfield code="a">Vol. 4, no. 1 (Nov. 10, 1855)-</subfield></datafield><datafield ind1="1" ind2=" " tag="362"><subfield code="a">Ceased in Aug. 1858.</subfield><subfield code="z">Cf. NIM: US, 1973.</subfield></datafield><datafield ind1=" " ind2=" " tag="580"><subfield code="a">Campaign edition: Campaign gazette.</subfield></datafield><datafield ind1=" " ind2="0" tag="651"><subfield code="a">Columbia (Calif.)</subfield><subfield code="v">Newspapers.</subfield></datafield><datafield ind1=" " ind2="7" tag="655"><subfield code="a">Newspapers.</subfield><subfield code="2">fast</subfield><subfield code="0">(OCoLC)fst01423814</subfield></datafield><datafield ind1=" " ind2="7" tag="651"><subfield code="a">California</subfield><subfield code="z">Columbia.</subfield><subfield code="2">fast</subfield><subfield code="0">(OCoLC)fst01276054</subfield></datafield><datafield ind1=" " ind2=" " tag="752"><subfield code="a">United States</subfield><subfield code="b">California</subfield><subfield code="c">Tuolumne</subfield><subfield code="d">Columbia.</subfield></datafield><datafield ind1="1" ind2=" " tag="775"><subfield code="t">Campaign gazette</subfield><subfield code="w">(DLC)sn 84038767</subfield></datafield><datafield ind1="0" ind2="4" tag="780"><subfield code="t">Columbia gazette (Columbia, Calif.)</subfield><subfield code="w">(DLC)sn 84038765</subfield></datafield><datafield ind1="0" ind2="4" tag="780"><subfield code="t">Southern mines advertiser</subfield></datafield><datafield ind1="0" ind2="0" tag="785"><subfield code="t">Columbia news</subfield></datafield></record>